<record><leader>00000cas a22000007a 4500</leader><controlfield tag="001">11898563</controlfield><controlfield tag="008">850409d18751880ohudn ne      0   a0eng d</controlfield><datafield ind1=" " ind2=" " tag="010"><subfield code="a">sn 85025759 </subfield></datafield><datafield ind1=" " ind2=" " tag="040"><subfield code="a">NPX</subfield><subfield code="b">eng</subfield><subfield code="c">NPX</subfield><subfield code="d">NPI</subfield><subfield code="d">ONP</subfield><subfield code="d">OCLCQ</subfield><subfield code="d">OCLCF</subfield><subfield code="d">DLC</subfield></datafield><datafield ind1="0" ind2=" " tag="022"><subfield code="a">2376-0397</subfield><subfield code="2">1</subfield></datafield><datafield ind1=" " ind2=" " tag="042"><subfield code="a">msc</subfield><subfield code="a">nsdp</subfield></datafield><datafield ind1=" " ind2=" " tag="043"><subfield code="a">n-us-oh</subfield></datafield><datafield ind1="0" ind2="0" tag="050"><subfield code="a">Newspaper</subfield></datafield><datafield ind1="0" ind2="0" tag="082"><subfield code="a">071</subfield><subfield code="2">23</subfield></datafield><datafield ind1=" " ind2="4" tag="222"><subfield code="a">The Cincinnati daily star</subfield><subfield code="b">(Print)</subfield></datafield><datafield ind1="0" ind2="4" tag="245"><subfield code="a">The Cincinnati daily star.</subfield></datafield><datafield ind1=" " ind2=" " tag="260"><subfield code="a">[Cincinnati, Ohio :</subfield><subfield code="b">Star Pub. Co.],</subfield><subfield code="c">1875-1880.</subfield></datafield><datafield ind1=" " ind2=" " tag="300"><subfield code="a">v.</subfield></datafield><datafield ind1=" " ind2=" " tag="310"><subfield code="a">Daily (except Sun.)</subfield></datafield><datafield ind1="0" ind2=" " tag="362"><subfield code="a">Vol. 8, no. 11 (July 13, 1875)-v. 17, no. 153 (June 26, 1880).</subfield></datafield><datafield ind1=" " ind2=" " tag="500"><subfield code="a">Published in two eds.: City ed. and Mail ed.</subfield></datafield><datafield ind1=" " ind2=" " tag="530"><subfield code="a">Archived issues are available in digital format from the Library of Congress Chronicling America online collection.</subfield></datafield><datafield ind1=" " ind2="0" tag="651"><subfield code="a">Cincinnati (Ohio)</subfield><subfield code="v">Newspapers.</subfield></datafield><datafield ind1=" " ind2="0" tag="651"><subfield code="a">Hamilton County (Ohio)</subfield><subfield code="v">Newspapers.</subfield></datafield><datafield ind1=" " ind2="7" tag="651"><subfield code="a">Ohio</subfield><subfield code="z">Cincinnati.</subfield><subfield code="2">fast</subfield><subfield code="0">(OCoLC)fst01205142</subfield></datafield><datafield ind1=" " ind2="7" tag="651"><subfield code="a">Ohio</subfield><subfield code="z">Hamilton County.</subfield><subfield code="2">fast</subfield><subfield code="0">(OCoLC)fst01205597</subfield></datafield><datafield ind1=" " ind2="7" tag="655"><subfield code="a">Newspapers.</subfield><subfield code="2">fast</subfield><subfield code="0">(OCoLC)fst01423814</subfield></datafield><datafield ind1=" " ind2=" " tag="752"><subfield code="a">United States</subfield><subfield code="b">Ohio</subfield><subfield code="c">Hamilton</subfield><subfield code="d">Cincinnati.</subfield></datafield><datafield ind1="0" ind2=" " tag="775"><subfield code="t">Cincinnati weekly star</subfield><subfield code="w">(DLC)sn 85025760</subfield></datafield><datafield ind1="0" ind2="8" tag="776"><subfield code="i">Online version:</subfield><subfield code="t">Cincinnati daily star</subfield><subfield code="x">2376-0400</subfield><subfield code="w">(DLC)  2014218747</subfield><subfield code="w">(OCoLC)895038514</subfield></datafield><datafield ind1="0" ind2="0" tag="780"><subfield code="t">Star (Cincinnati, Ohio)</subfield><subfield code="w">(DLC)sn 87056710</subfield><subfield code="w">(OCoLC)16953366</subfield></datafield><datafield ind1="0" ind2="7" tag="785"><subfield code="t">Times (Cincinnati, Ohio)</subfield><subfield code="w">(DLC)sn 83045681</subfield><subfield code="w">(OCoLC)9472755</subfield></datafield><datafield ind1="0" ind2="7" tag="785"><subfield code="t">Cincinnati times-star (Cincinnati, Ohio : 1880)</subfield><subfield code="w">(DLC)sn 83045114</subfield><subfield code="w">(OCoLC)9308824</subfield></datafield><datafield ind1="4" ind2="1" tag="856"><subfield code="u">http://www.loc.gov/chroniclingamerica/lccn/sn85025759/issues</subfield></datafield><datafield ind1="1" ind2=" " tag="029"><subfield code="a">AU@</subfield><subfield code="b">000020371432</subfield></datafield></record>